<?xml version="1.0" encoding="UTF-8"?><collection xmlns="http://www.loc.gov/MARC21/slim"><record><leader>00549nam--2200193-i-4500</leader><controlfield tag="001">000034246</controlfield><controlfield tag="002">20161230</controlfield><controlfield tag="005">20161230201039</controlfield><controlfield tag="008">060222s1000------------r-----000-0-ger-d</controlfield><datafield ind1=" " ind2=" " tag="040"><subfield code="a">IFIN-HH</subfield></datafield><datafield ind1=" " ind2=" " tag="041"><subfield code="a">ger</subfield></datafield><datafield ind1=" " ind2=" " tag="080"><subfield code="a">548.5</subfield></datafield><datafield ind1="1" ind2=" " tag="100"><subfield code="a">Munch, Waldemar Von</subfield></datafield><datafield ind1="1" ind2="0" tag="245"><subfield code="a">Technologie der galliumarsenid-bauelemente</subfield><subfield code="c">Waldemar von munch</subfield></datafield><datafield ind1=" " ind2=" " tag="260"><subfield code="a">Berlin</subfield><subfield code="b">Springer Verlag</subfield><subfield code="c">1969</subfield></datafield><datafield ind1=" " ind2=" " tag="300"><subfield code="a">VIII + 158P</subfield></datafield><datafield ind1=" " ind2=" " tag="490"><subfield code="a">Technische Physik In Einzeldarstellungen</subfield><subfield code="v">Band 16</subfield></datafield><datafield ind1=" " ind2=" " tag="852"><subfield code="a">35851</subfield><subfield code="c">539.1.07:539.1.08</subfield></datafield><datafield ind1=" " ind2=" " tag="CAT"><subfield code="a">Sys</subfield><subfield code="c">20111024</subfield><subfield code="h">165720</subfield></datafield></record></collection>